@misc{maracanau2019,
  title={(Org.). Hospital Municipal Jo{\~a}o El{\'i}sio De Holanda},
  author={Maracana{\'u}},
  URL = {http://www.maracanau.ce.gov.br/hospital-municipal-joao-elisio-de-holanda/},
  note = {Acessado em 16/02/2019}  
}

@article{da2018violencia,
  title={Viol{\^e}ncia Obst{\'e}trica: Apontamentos da Produ{\c{c}}{\~a}o Cient{\'\i}fica},
  author={da Silva Maia, Rodrigo and dos Santos Ara{\'u}jo, Tereza Cristina and Maia, Eul{\'a}lia Maria Chaves},
  journal={Revista Portal: Sa{\'u}de e Sociedade},
  volume={2},
  number={3},
  pages={576--590},
  year={2018}
}

@phdthesis{massari2017contribuiccoes,
  title={Contribui{\c{c}}{\~o}es para o dimensionamento do quantitativo de enfermeiras obstetras e obstetrizes para a aten{\c{c}}{\~a}o ao parto e nascimento de risco habitual no Brasil},
  author={Massari, Maria Teresa Rossetti and others},
  year={2017}
}

@phdthesis{massari2017contribuiccoesp27,
  title={Contribui{\c{c}}{\~o}es para o dimensionamento do quantitativo de enfermeiras obstetras e obstetrizes para a aten{\c{c}}{\~a}o ao parto e nascimento de risco habitual no Brasil},
  author={Massari, Maria Teresa Rossetti and others},
  year={2017},
  pages={27}
}


@article{leal2018percepccao,
  title={Percep{\c{c}}{\~a}o de enfermeiras obst{\'e}tricas acerca da viol{\^e}ncia obst{\'e}trica},
  author={Leal, Sarah Yasmin Pinto and de Azevedo Lima, Vera L{\'u}cia and da Silva, Andrey Ferreira and Soares, Patr{\'\i}cia Danielle Feitosa Lopes and Santana, Luzia Ribeiro and Pereira, {\'A}lvaro},
  journal={Cogitare Enfermagem},
  volume={23},
  number={2},
  year={2018},
  publisher={Universidade Federal do Paran{\'a}}
}

@article{sauaia2016dor,
  title={Uma dor al{\'e}m do parto: viol{\^e}ncia obst{\'e}trica em foco},
  author={SAUAIA, Artenira and SERRA, Maiane},
  journal={Revista de Direitos Humanos e Efetividade},
  pages={128--147},
  year={2016}
}

@article{brazil2011portaria,
  title={Portaria n{\textordmasculine} 1459 de 24 de junho de 2011.},
  author={Brasil},
  journal={Resolução n{\textordmasculine} 466/2012},
  year={2011},
  publisher={Di{\'a}rio Oficial da Uni{\~a}o Bras{\'\i}lia},
  note={Dispõe sobre pesquisa envolvendo seres humanos. Brasília, DF: Conselho Nacional de Saúde}
}

% journal={Minist{\'e}rio da Sa{\'u}de. Secretaria de Vigil{\^a}ncia em Sa{\'u}de},

@article{minayo1989desafio,
  title={O desafio do conhecimento: metodologia de pesquisa social (qualitativa) em sa{\'u}de},
  author={Minayo, Maria Cecilia de Souza},
  year={1989}
}

@book{vieira2005pesquisa,
  title={Pesquisa qualitativa em administra{\c{c}}{\~a}o: teoria e pr{\'a}tica},
  author={Vieira, Marcelo Milano Falc{\~a}o and Zouain, Deborah Moraes},
  year={2005},
  publisher={FGV}
}

@incollection{creswell2010projeto,
  title={Projeto de pesquisa m{\'e}todos qualitativo, quantitativo e misto},
  author={Creswell, John W},
  booktitle={Projeto de pesquisa m{\'e}todos qualitativo, quantitativo e misto},
  year={2010}
}

@article{augusto2013pesquisa,
  title={Pesquisa Qualitativa: rigor metodol{\'o}gico no tratamento da teoria dos custos de transa{\c{c}}{\~a}o em artigos apresentados nos congressos da Sober (2007-2011)},
  author={Augusto, Cleiciele Albuquerque and Souza, Jos{\'e} Paulo de and Dellagnelo, Eloise Helena Livramento and Cario, Silvio Antonio Ferraz},
  journal={Revista de Economia e Sociologia Rural},
  volume={51},
  number={4},
  pages={745--764},
  year={2013},
  publisher={SciELO Brasil}
}

@article{andre2013estudo,
  title={O que {\'e} um estudo de caso qualitativo em educa{\c{c}}{\~a}o?},
  author={Andr{\'e}, Marli},
  journal={Revista da FAEEBA-Educa{\c{c}}{\~a}o e Contemporaneidade},
  volume={22},
  number={40},
  pages={95-103},
  year={2013}
}

@misc{deresoluccao,
  title={Resolu{\c{c}}{\~a}o COFEN n{\textordmasculine} 516, de 24 de junho de 2016. Normatiza a atua{\c{c}}{\~a}o ea responsabilidade do Enfermeiro, Enfermeiro Obstetra e Obstetriz na assist{\^e}ncia {\`a}s gestantes, parturientes, pu{\'e}rperas e rec{\'e}m-nascidos [Internet]. Bras{\'\i}lia (DF), 2016 [cited 2016 Nov 14]},
  author={COFEN},
  year={2016},
  URL = {http://www.cofen.gov.br/resolucao-cofen-no-05162016_41989.html},
  note = {Acessado em 13/02/2019}  
}

@phdthesis{vico2017avaliaccao,
  title={Avalia{\c{c}}{\~a}o da Implanta{\c{c}}{\~a}o dos Centros de Parto Normal no Sistema {\'U}nico de Sa{\'u}de},
  author={Vico, Amanda Fedevjcyk de and others},
  year={2017}
}

@article{vargens2017contribuiccao,
  title={Contribui{\c{c}}{\~a}o de enfermeiras obst{\'e}tricas para consolida{\c{c}}{\~a}o do parto humanizado em maternidades no Rio de Janeiro-Brasil},
  author={Vargens, Octavio Muniz da Costa and Silva, Alexandra Celento Vasconcellos da and Progianti, Jane M{\'a}rcia},
  journal={Escola Anna Nery},
  volume={21},
  number={1},
  year={2017},
  publisher={SciELO Brasil}
}

@book{maia2010humanizaccao,
  title={Humaniza{\c{c}}{\~a}o do parto: pol{\'\i}tica p{\'u}blica, comportamento organizacional e ethos profissional},
  author={Maia, M{\^o}nica Bara},
  year={2010},
  publisher={Editora Fiocruz},
}

@book{maia2010humanizaccaop69,
  title={Humaniza{\c{c}}{\~a}o do parto: pol{\'\i}tica p{\'u}blica, comportamento organizacional e ethos profissional},
  author={Maia, M{\^o}nica Bara},
  year={2010},
  publisher={Editora Fiocruz},
  pages={69}
}

@article{osava2011caracterizaccao,
  title={Caracteriza{\c{c}}{\~a}o das cesarianas em centro de parto normal},
  author={Osava, Ruth Hitomi and Silva, Flora Maria Barbosa da and Tuesta, Esteban Fernandes and Oliveira, Sonia Maria Junqueira Vasconcellos de and Amaral, Maria Clara Estanislau do},
  journal={Revista de Sa{\'u}de P{\'u}blica},
  volume={45},
  pages={1036--1043},
  year={2011},
  publisher={SciELO Public Health}
}

@article{garcia2017centro,
  title={O centro de parto normal e sua contribui{\c{c}}{\~a}o para aten{\c{c}}{\~a}o obst{\'e}trica e neonatal no Brasil},
  author={Garcia, Larissa Valenzuela and Teles, J{\'e}ssica Machado and Bonilha, Ana L{\'u}cia de Lourenzi},
  journal={Revista Eletr{\^o}nica Acervo Sa{\'u}de. Campinas. Vol. supl. 7 (2017), p. S356-S363},
  year={2017}
}

@article{gonccalves2014violencia,
  title={Viol{\^e}ncia obst{\'e}trica na vis{\~a}o de enfermeiras obstetras},
  author={Gon{\c{c}}alves da Silva, Michelle and Carreira Marcelino, Michelle and Pinheiro Rodrigues, L{\'\i}via Sh{\'e}lida and Carcaman Toro, Ros{\'a}rio and Keiko Kakuda Shimo, Antonieta},
  journal={Revista da Rede de Enfermagem do Nordeste},
  volume={15},
  number={4},
  year={2014},
  publisher={Universidade Federal do Cear{\'a}}
}

@article{andrade2014violencia,
  title={Viol{\^e}ncia obst{\'e}trica: a dor que cala.},
  author={Briena Padilha Andrade and Cristiane de Melo Aggio},
  journal={Anais do III Simp{\'o}sio G{\^e}nero e Pol{\'i}ticas  P{\'u}blicas},
  year={2014},
  ISSN = {2177-8284},
  note={Universidade Estadual de Londrina, 27 a 29 de maio de 2014}
}

@article{sena2016violencia,
  title={Viol{\^e}ncia obst{\'e}trica no Brasil e o ciberativismo de mulheres m{\~a}es: relato de duas experi{\^e}ncias},
  author={Sena, Ligia Moreiras and Tesser, Charles Dalcanale},
  journal={Interface-Comunica{\c{c}}{\~a}o, Sa{\'u}de, Educa{\c{c}}{\~a}o},
  volume={21},
  pages={209--220},
  year={2016},
  publisher={SciELO Public Health}
}

@inproceedings{bitencourt2004centros,
  title={Centros de Parto Normal: componentes arquitet{\^o}nicos de conforto e desconforto},
  author={BITENCOURT, F{\'a}bio and KRAUSE, Cl{\'a}udia Barroso},
  booktitle={ANAIS DO I CONGRESSO NACIONAL DA ABDEH-IV SEMIN{\'A}RIO DE ENGENHARIA CL{\'I}NICA-2004},
  year={2004}
}

@book{world1996world,
  title={The world health report 1996: Fighting disease, fostering development},
  author={World Health Organization},
  year={1996},
  publisher={World Health Organization}
}

@article{rodrigues2018violencia,
  title={A viol{\^e}ncia obst{\'e}trica no contexto do parto e nascimento},
  author={Rodrigues, Diego Pereira and Alves, Valdecyr Herdy and Vieira, Raquel Santana and Le{\~a}o, Diva Cristina Morett Romano and Paula, Enimar de and Pimentel, Mariana Machado},
  journal={Rev. enferm. UFPE on line},
  volume={12},
  number={1},
  pages={236--246},
  year={2018}
}

@article{zanardo2017violencia,
  title={Viol{\^e}ncia obst{\'e}trica no Brasil: uma revis{\~a}o narrativa},
  author={Zanardo, Gabriela Lemos de Pinho and Uribe, Magaly Calder{\'o}n and Nadal, Ana Hertzog Ramos De and Habigzang, Lu{\'\i}sa Fernanda},
  journal={Psicologia \& Sociedade},
  volume={29},
  year={2017},
  publisher={SciELO Brasil}
}

@article{soares2017violencia,
  title={Viol{\^e}ncia Obst{\'e}trica: A outra dor do parto},
  author={S B Soares},
  journal={Editora Realize},
  year={2017}
}

@article{diniz2015abuse,
  title={Abuse and disrespect in childbirth care as a public health issue in Brazil: origins, definitions, impacts on maternal health, and proposals for its prevention},
  author={Diniz, Simone Grilo and de Oliveira Salgado, Heloisa and de Aguiar Andrezzo, Halana Faria and de Carvalho, Paula Galdino Cardin and Carvalho, Priscila Cavalcanti Albuquerque and Aguiar, Cl{\'a}udia Azevedo and Niy, Denise Yoshie},
  journal={Journal of Human Growth and Development},
  volume={25},
  number={3},
  pages={377--382},
  year={2015}
}

@article{cardoso2017violencia,
  title={Viol{\^e}ncia obst{\'e}trica institucional no parto: percep{\c{c}}{\~a}o de profissionais da sa{\'u}de},
  author={Cardoso, Ferdinand Jos{\'e} da Costa and Costa, Ana Carla Marques da and Almeida, Mayron Morais and Santos, Thiago Sampaio dos and Oliveira, Francisco Braz Milanez},
  journal={Rev. enferm. UFPE on line},
  volume={11},
  number={9},
  pages={3346--3353},
  year={2017}
}

@article{nunes2017sifilis,
  title={S{\'\i}filis na gesta{\c{c}}{\~a}o: perspectivas e condutas do enfermeiro},
  author={Nunes, Jacqueline Targino and Marinho, Ana Caroline Viana and Davim, Rejane Marie Barbosa and Silva, Gabriela Gon{\c{c}}alo de Oliveira and Felix, Rayane Saraiva and Martino, Milva Maria Figueiredo de},
  journal={Rev. enferm. UFPE on line},
  volume={11},
  number={12},
  pages={4875--4884},
  year={2017}
}

@article{da2013sifilis,
  title={S{\'\i}filis cong{\^e}nita no Cear{\'a}: an{\'a}lise epidemiol{\'o}gica de uma d{\'e}cada},
  author={da Costa, Camila Chaves and Freitas, Lydia Vieira and do Nascimento Sousa, Deise Maria and de Oliveira, Lara Leite and Chagas, Ana Carolina Maria Ara{\'u}jo and de Oliveira Lopes, Marcos Ven{\'\i}cios and de Castro Damasceno, Ana Kelve},
  journal={Revista da Escola de Enfermagem da USP},
  volume={47},
  number={1},
  pages={152--159},
  year={2013},
  publisher={SciELO Brasil}
}

@article{segatto2015evaluation,
  title={Evaluation of prenatal care in a Brazil’s South city/Avalia{\c{c}}{\~a}o da assist{\^e}ncia pr{\'e}-natal em munic{\'\i}pio do Sul do Brasil/Evaluaci{\'o}n de la asistencia pre-natal en el municipio del Sur del Brasil},
  author={Segatto, Mar{\'\i}lia Judith and de Lima, Suzinara Beatriz Soares and Kessler, Marciane and Eberhardt, Thais Dresch and de Avila Soares, Rhea Silvia and Silveira, Lidiana Batista Teixeira Dutra},
  journal={Revista de Enfermagem da UFPI},
  volume={4},
  number={2},
  pages={4--10},
  year={2015}
}

@article{tavares2012monitoramento,
  title={Monitoramento das a{\c{c}}{\~o}es pr{\'o}-redu{\c{c}}{\~a}o da transmiss{\~a}o vertical da s{\'\i}filis na rede p{\'u}blica do Distrito Federal},
  author={Tavares, Leonor Henriette de Lannoy Coimbra and Silva, On{\~a} and Paz, Leidijany Costa and Lopes, Luiz Ant{\^o}nio Bueno and de Oliveira, Maria Liz Cunha and Macedo, Maria Marta Lopes and Geraldes, Sonia},
  journal={Enfermagem em Foco},
  volume={3},
  number={1},
  pages={29--35},
  year={2012}
}

@article{suto2016assistencia,
  title={Assist{\^e}ncia pr{\'e}-natal a gestante com diagn{\'o}stico de s{\'\i}filis},
  author={Suto, Cleuma Sueli Santos and da Silva, D{\'e}bora Lima and de Almeida, Eliana do Sacramento and Costa, Laura Emmanuela Lima and Evangelista, Taiana Jambeiro},
  journal={Revista de Enfermagem e Aten{\c{c}}{\~a}o {\`a} Sa{\'u}de},
  volume={5},
  number={2},
  year={2016}
}

@article{dos2010assistencia,
  title={ASSIST{\^E}NCIA PR{\'E}-NATAL NO CONTEXTO DA ESTRAT{\'E}GIA DE SA{\'U}DE DA FAM{\'I}LIA.},
  author={dos Santos Pitombeira, H{\'e}lcia Carla and Teles, Liana Mara Rocha and Paiva, Jamile de Souza Pacheco and Rolim, Maysa Oliveira and Freitas, Lydia Vieira and de Castro Damasceno, Ana Kelve},
  journal={Journal of Nursing UFPE/Revista de Enfermagem UFPE},
  volume={4},
  number={2},
  year={2010}
}
@incollection{vasconcelos1999educaccao,
  title={Educa{\c{c}}{\~a}o popular e a aten{\c{c}}{\~a}o {\`a} sa{\'u}de da fam{\'\i}lia},
  author={Vasconcelos, Eymard Mour{\~a}o},
  booktitle={Educa{\c{c}}{\~a}o popular e a aten{\c{c}}{\~a}o {\`a} sa{\'u}de da fam{\'\i}lia},
  year={1999}
}

@misc{mendes2005revisao,
  title={Revis{\~a}o integrativa: m{\'e}todo de pesquisa para a incorpora{\c{c}}{\~a}o de evid{\^e}ncias na sa{\'u}de e na enfermagem. Texto \& contexto enferm [Internet]. 2008 Oct/Dec [cited 2013 Oct 20]; 17 (4): 758-64},
  author={Mendes, KDS and Silveira, RCCP and Galv{\~a}o, CM},
  year={2005}
}

@article{domingues2016incidencia,
  title={Incid{\^e}ncia de s{\'\i}filis cong{\^e}nita e fatores associados {\`a} transmiss{\~a}o vertical da s{\'\i}filis: dados do estudo Nascer no Brasil},
  author={Domingues, Rosa Maria Soares Madeira and Leal, Maria do Carmo},
  journal={Cadernos de Sa{\'u}de P{\'u}blica},
  volume={32},
  number={6},
  year={2016},
  publisher={SciELO Brasil}
}

@misc{cad2013,
  title={Cad. Sa{\'u}de P{\'u}blica},
  author={Magalh{\~a}es AND D AND M AND S},
  year={2013},
  publisher={Rio de Janeiro}
}

@misc{sao2016guia,
  title={Guia de bolso para manejo da s{\'\i}filis em gestantes e s{\'\i}filis cong{\^e}nita},
  author={S{\~a}o Paulo-Secretaria de Estado da Sa{\'u}de de S{\~a}o Paulo. Coordenadoria de Controle de Doen{\c{c}}as. Centro de Refer{\^e}ncia e Treinamento DST/Aids},
  year={2016},
  publisher={Secretaria de Estado da Sa{\'u}de S{\~a}o Paulo}
}

@misc{manual2016sifilis,
  title={Manual T{\'e}cnico para Diagn{\'o}stico da S{\'i}filis},
  author={Brasil and Minist{\'e}rio da Sa{\'u}de and Secretaria de Vigil{\^a}ncia em Sa{\'u}de and Departamento de DST, Aids e Hepatites Virais},
  year={2016},
  publisher={Minist{\'e}rio da Sa{\'u}de Bras{\'\i}lia}
}

@article{silva2015feelings,
  title={Feelings of pregnant women diagnosed with syphilis/Sentimentos de gestantes com diagn{\'o}stico de s{\'\i}filis/Los sentimientos de las mujeres embarazadas diagnosticadas con s{\'\i}filis},
  author={Silva, Adelane Monteiro and Sousa, J{\'e}ssica Carvalho and Albuquerque, Sousa and Moreira, Carvalho Ara{\'u}jo and Martins, Maria Carvalho},
  journal={Revista de Enfermagem da UFPI},
  volume={4},
  number={2},
  pages={84--91},
  year={2015}
}

@article{rodrigues2016elementos,
  title={Elementos constituintes da consulta de enfermagem no pr{\'e}-natal na {\'o}tica de gestantes},
  author={Rodrigues, Ivana Rios and Rodrigues, Dafne Paiva and de Assun{\c{c}}{\~a}o Ferreira, M{\'a}rcia and Pereira, Maria L{\'u}cia Duarte and Barbosa, Eryjosy Marculino Guerreiro},
  journal={Revista da Rede de Enfermagem do Nordeste-Rev Rene},
  volume={17},
  number={6},
  pages={774--781},
  year={2016}
}

@article{bagatini2016teste,
  title={Teste r{\'a}pido para s{\'\i}filis no pr{\'e}-natal da aten{\c{c}}{\~a}o b{\'a}sica: avalia{\c{c}}{\~a}o institucional qualitativa e educa{\c{c}}{\~a}o permanente em sa{\'u}de},
  author={Bagatini, Carmen Lu{\'\i}sa Teixeira and Ceccim, Ricardo Burg and Machado, Rebel Zambrano and Bavaresco, Caren Serra},
  journal={Sa{\'u}de em Redes. Porto Alegre. Vol. 2, n. 1 (2016), p. 81-95},
  year={2016}
}

@misc{brasil2015protocolo,
  title={Protocolo cl{\'\i}nico e diretrizes terap{\^e}uticas para aten{\c{c}}{\~a}o integral {\`a}s pessoas com infec{\c{c}}{\~o}es sexualmente transmiss{\'\i}veis},
  author={Brasil and Minist{\'e}rio da Sa{\'u}de and Secretaria de Vigil{\^a}ncia em Sa{\'u}de and Departamento de DST, Aids e Hepatites Virais},
  year={2015},
  publisher={Minist{\'e}rio da Sa{\'u}de Bras{\'\i}lia}
}

@article{avelleira2006,
  title={S{\'i}filis: diagn{\'o}stico, tratamento e controle},
  author={Avelleira, Jo{\~a}o Carlos Regazzi and Bottino, Giuliana},
  journal={S{\~a}o Paulo, Sarvier},
  ISSN = {0365-0596},
  language = {pt},
  URL = {http://www.scielo.br/scielo.php?script=sci_arttext&pid=S0365-05962006000200002&nrm=iso},
  volume = {81},
  year = {2006},
  month = {03},
  pages = {111 - 126},
  publisher = {scielo}
}

@article{mendes2005microbiologia,
  title={Microbiologia cl{\'\i}nica: 156 perguntas e respostas},
  author={Mendes, CM and Oplustil, CP and Zoccoli, CM and Sinto, SI},
  journal={S{\~a}o Paulo, Sarvier},
  year={2005}
}

@misc{boletim2018,
  author = {Brasil},
  title = {Boletim Epdemiol{\'o}gico, S{\'i}filis},
  howpublished = "\url{http://www.aids.gov.br/pt-br/pub/2018/boletim-epidemiologico-de-sifilis-2018}",
  year = {2018}, 
  note = "[Online; acessado em 10/Fevereiro/2019]"
}

@article{cardoso2018analise,
  title={An{\'a}lise dos casos de s{\'\i}filis gestacional e cong{\^e}nita nos anos de 2008 a 2010 em Fortaleza, Cear{\'a}, Brasil},
  author={Cardoso, Ana Rita Paulo and Ara{\'u}jo, Maria Alix Leite and Cavalcante, Maria do Socorro and Frota, Mirna Albuquerque and Melo, Simone Paes de},
  journal={Ciencia \& saude coletiva},
  volume={23},
  pages={563--574},
  year={2018},
  publisher={SciELO Public Health}
}

@article{brasilprenatal,
  title={Manual de Pr{\'e}-natal de Baixo Risco},
  author={Brasil},
  year={2012},
  publisher={Minist{\'e}rio da Sa{\'u}de}
}

@article{neves2011manual,
  title={Manual de pr{\'a}ticas da aten{\c{c}}{\~a}o b{\'a}sica: sa{\'u}de ampliada e compartilhada},
  author={Neves, Claudia Abb{\^e}s Ba{\^e}ta},
  journal={Cadernos de Sa{\'u}de P{\'u}blica},
  volume={27},
  number={4},
  pages={817--819},
  year={2011},
  publisher={SciELO Brasil}
}

@article{guedes2007tripe,
  title={O trip{\'e} da assist{\^e}ncia do enfermeiro de PSF ao portador de transtorno mental: equipe, fam{\'\i}lia e comunidade},
  author={Guedes Junior, Robeto and Guimar{\~a}es, Sueni Gomes},
  journal={Rev. Meio Amb Sa{\'u}de},
  volume={2},
  number={1},
  pages={181--94},
  year={2007}
}

@article{lunardi1994enfermeiro,
  title={Como o enfermeiro utiliza o tempo de trabalho numa unidade de interna{\c{c}}{\~a}o},
  author={Lunardi, Val{\'e}ria Lerch and Lunardi Filho, Wilson Danilo and Borba, Marta Riegert},
  journal={Rev. bras. enferm},
  volume={47},
  number={1},
  pages={7--14},
  year={1994}
}

@article{matumoto2011pratica,
  title={A pr{\'a}tica cl{\'\i}nica do enfermeiro na aten{\c{c}}{\~a}o b{\'a}sica: um processo em constru{\c{c}}{\~a}o},
  author={Matumoto, Silvia and Fortuna, Cinira Magali and Kawata, Lauren Suemi and Mishima, Silvana Martins and Pereira, Maria Jos{\'e} Bistafa},
  journal={Rev Latino-Am Enfermagem},
  volume={19},
  number={1},
  pages={123--30},
  year={2011},
  publisher={SciELO Brasil}
}

@article{weirich2009trabalho,
  title={O trabalho gerencial do enfermeiro na rede b{\'a}sica de sa{\'u}de},
  author={Weirich, Claci F{\'a}tima and Munari, Denize Bouttelet and Mishima, Silvana Martins and Bezerra, Ana L{\'u}cia Queiroz},
  journal={Texto Contexto Enferm},
  volume={18},
  number={2},
  pages={249--57},
  year={2009},
  publisher={SciELO Brasil}
}

@article{heringer2007praticas,
  title={Pr{\'a}ticas educativas desenvolvidas por enfermeiros do Programa de Sa{\'u}de da Fam{\'\i}lia no Rio de Janeiro},
  author={Heringer, Ari{\'a}dina and de Almeida Ferreira, Vanessa and Acioli, Sonia and da Silva Barros, Ana Luiza},
  journal={Revista Ga{\'u}cha de Enfermagem},
  volume={28},
  number={4},
  pages={542},
  year={2007}
}

@article{david2009organizaccao,
  title={Organiza{\c{c}}{\~a}o do trabalho de enfermagem na aten{\c{c}}{\~a}o b{\'a}sica: uma quest{\~a}o para a sa{\'u}de do trabalhador},
  author={David, HMSL and Mauro, Maria Yvone Chaves and Silva, Viviane Gomes and Pinheiro, Michely Alexandrino de Souza and Silva, Fernanda Henriques da},
  journal={Texto Contexto Enferm},
  volume={18},
  number={2},
  pages={206--14},
  year={2009},
  publisher={SciELO Brasil}
}

@book{marteleto2009informaccao,
  title={Informa{\c{c}}{\~a}o, sa{\'u}de e redes sociais: di{\'a}logos de conhecimentos nas comunidades da Mar{\'e}},
  author={Marteleto, Regina Maria and Stotz, Eduardo Navarro},
  year={2009},
  publisher={SciELO-Editora FIOCRUZ}
}

@article{oliveira2013atributos,
  title={Atributos essenciais da Aten{\c{c}}{\~a}o Prim{\'a}ria e a Estrat{\'e}gia Sa{\'u}de da Fam{\'\i}lia; Primary Health Care essential attributes and the Family Health Strategy; Atributos esenciales de la Atenci{\'o}n Primaria y la Estrategia Salud de la Familia},
  author={Oliveira, Maria Am{\'e}lia de Campos and Pereira, Iara Cristina},
  journal={Rev. bras. enferm},
  volume={66},
  number={spe},
  pages={158--164},
  year={2013}
}

@article{fernandes2013gerencia,
  title={Ger{\^e}ncia do cuidado do enfermeiro na estrat{\'e}gia sa{\'u}de da fam{\'\i}lia: revis{\~a}o integrativa},
  author={Fernandes, Marcelo Costa and Silva, Lucilane Maria Sales da},
  journal={Revista da Rede de Enfermagem do Nordeste-Rev Rene},
  volume={14},
  number={2},
  year={2013}
}

@article{cunha2011longitudinalidade,
  title={Longitudinalidade/continuidade do cuidado: identificando dimens{\~o}es e vari{\'a}veis para a avalia{\c{c}}{\~a}o da Aten{\c{c}}{\~a}o Prim{\'a}ria no contexto do sistema p{\'u}blico de sa{\'u}de brasileiro},
  author={CUNHA, EM da and Giovanella, Ligia},
  journal={Ci{\^e}nc Sa{\'u}de Coletiva [peri{\'o}dico na internet]},
  year={2011},
  publisher={SciELO Public Health}
}

@article{backes2015significado,
  title={Significado da pra{\'a}tica social do enfermeiro com e a partir do Sistema {\'U}nico de Sa{\'u}de brasileiro},
  author={Backes, Dirce Stein and Backes, Marli Stein and Erdmann, Alacoque Lorenzini and B{\"u}scher, Andreas and Salazar-Maya, Angela Mar{\'\i}a},
  journal={Aquichan},
  volume={14},
  number={4},
  year={2015}
}

@article{teixeira2014integrative,
  title={Integrative literature review step-by-step \& convergences with other methods of review/Revis{\~a}o Integrativa da Literatura passo-a-passo \& converg{\^e}ncias com outros m{\'e}todos de revis{\~a}o},
  author={Teixeira, Elizabeth and Medeiros, Hor{\'a}cio Pires and Nascimento, Marcia Helena Machado and Costa, Bruna Alessandra and Rodrigues, Camila and others},
  journal={Revista de Enfermagem da UFPI},
  volume={2},
  number={5},
  pages={3--7},
  year={2014}
}

@article{canesqui2012apoio,
  title={Apoio social e sa{\'u}de: pontos de vista das ci{\^e}ncias sociais e humanas Social support and health: standpoints from the social and human sciences},
  author={Canesqui, Ana Maria and Barsaglini, Reni Aparecida},
  year={2012},
  publisher={SciELO Public Health}
}

@incollection{gisele2013book,
  title={Avalia{\c{c}}{\~a}o e Interven{\c{c}}{\~a}o na Fam{\'i}lia no Contexto da Sa{\'u}de Coletiva | Pressupostos Te{\'o}ricos e Metodol{\'o}gicos},
  author={Fr{\'a}gua, Gisele and de Almeida, Shirlei Pereira and Soares, S{\^o}nia Maria},
  booktitle={Enfermagem em sa{\'u}de coletiva: teoria e pr{\'a}tica},
  year={2013},
  publisher={Grupo Gen-Guanabara Koogan},
  pages={128--145},
  chapter=10,
}

@book{de2013enfermagem,
  title={Enfermagem em sa{\'u}de coletiva: teoria e pr{\'a}tica},
  author={de Souza, Marina Celly Martins Ribeiro and de C{\'a}ssia Horta, Nat{\'a}lia},
  year={2013},
  publisher={Grupo Gen-Guanabara Koogan}
}

@article{lima2012rede,
  title={Rede de apoio social ao dependente qu{\'\i}mico: ecomapa como instrumental na assist{\^e}ncia em sa{\'u}de},
  author={Lima, Helder de P{\'a}dua and Cavalcante, Layana de Paula and Falc{\~a}o, Rita de Souza Tom{\'a}s},
  year={2012},
  publisher={Revista RENE}
}

@article{wendt2008utilizaccao,
  title={A utiliza{\c{c}}{\~a}o do genograma como instrumento de coleta de dados na pesquisa qualitativa},
  author={Wendt, Naiane Carvalho and Crepaldi, Maria Aparecida},
  journal={Psicologia: Reflex{\~a}o e Cr{\'\i}tica},
  volume={21},
  number={2},
  pages={302--310},
  year={2008},
  publisher={SciELO Brasil}
}

@book{tresautores,
	title={Resiliência: enfatizando a proteção dos 	adolescentes},
	author={ASSIS, S. G and  AVANCI, J. Q. and PESCE, R. P.},
	year={2005},
	address={Porto Alegre: Artmed},
}
